@article{sherif2014cbrain,
  title={{CBRAIN}: a web-based, distributed computing platform for collaborative neuroimaging research},
  author={Sherif, Tarek and Rioux, Pierre and Rousseau, Marc-Etienne and Kassis, Nicolas and Beck, Natacha and Adalat, Reza and Das, Samir and Glatard, Tristan and Evans, Alan C},
  journal={Frontiers in neuroinformatics},
  volume={8},
  year={2014},
  publisher={Frontiers Media SA}
}

@article{Gorgolewski2011,
  title={Nipype: a flexible, lightweight and extensible neuroimaging data processing framework in {P}ython},
  author={Gorgolewski, Krzysztof and Burns, Christopher D and Madison, Cindee and Clark, Dav and Halchenko, Yaroslav O and Waskom, Michael L and Ghosh, Satrajit S},
  journal={Frontiers in Neuroinformatics},
  volume={5},
  number={3},
  year={2011}
}
